@misc{gfg_lru_cache,
  author       = {{GeeksforGeeks}},
  title        = {LRU Cache Implementation},
  year         = {n.d.},
  howpublished = {\url{https://www.geeksforgeeks.org/lru-cache-implementation/}},
  note         = {Accessed: 2025-05-22}
}

@misc{pyarchsim_mohammed,
  author       = {Mohammed Mansour},
  title        = {pyArchSim - Cache Simulator},
  year         = {2024},
  howpublished = {\url{https://github.com/mohammed0x00/pyArchSim}},
  note         = {Accessed: 2025-05-23}
}

@misc{pyarchsim_hawajkm,
  author       = {hawajkm},
  title        = {pyArchSim - Python-based Cache Simulator},
  year         = {2024},
  howpublished = {\url{https://github.com/hawajkm/pyArchSim}},
  note         = {Accessed: 2025-05-22}
}

@misc{sciencedirect_set_associative,
  author       = {{ScienceDirect}},
  title        = {Set-Associative Cache - Computer Science},
  year         = {n.d.},
  howpublished = {\url{https://www.sciencedirect.com/topics/computer-science/set-associative-cache}},
  note         = {Accessed: 2025-05-23}
}

@misc{cache_adeorha,
  author       = {adeorha},
  title        = {Cache Simulator Repository},
  year         = {2023},
  howpublished = {\url{https://github.com/adeorha/Cache}},
  note         = {Accessed: 2025-05-24}
}